@mscthesis{Sveinn, 
 title = {Downsampling Time Series for Visual Representation},
 author = {Sveinn Steinarsson},
 school = {University of Iceland},
 address ={Faculty of Industrial Engineering, Mechanical Engineering and Computer Science, School of Engineering and Natural Sciences, University of Iceland, Reykjavik, Iceland},
 year = {2013},
 month = {June},
}

@misc{AusBureau, 
  title = {TIme Series Analysis: The Basics}, 
  author = {Australian Bureau of Statistics},
  year = {2023},
  month = {March},
  url = {https://www.abs.gov.au/websitedbs/d3310114.nsf/home/time+series+analysis:+the+basics},
  acccessed = {27/05/2023}, 
}

@inproceedings{TVStore,
  title = {TVStore: Automatically Bounding Time Series Storage via Time-Varying Compression}, 
  author = {Yanzhe An, Yue Su, Yuqing Zhu, and Jianmin Wang}, 
  booktitle = {Proceedings of the 20th USENIX Conference on File and Storage Technologies}, 
  series = {USENIX Conference on File and STorage Technologies},
  year = {2022},
  pages = {83-99},
  publisher = {USENIX Association},
  address = {Santa Clara, CA, USA}, 
}

@article{Shift, 
  title = {Implementing digital sufficiency},
  author = {The Shift Project: The Carbon Transition Think Tank}, 
  year = {2020},
  url = {https://theshiftproject.org/wp-content/uploads/2021/07/TSP_DigitalSufficiency2020_Summary_corrige.pdf}, 
  accessed = {27/05/2023},
}

