@book{R-DataScience, 
  title = {R for Data Science: Import, Tidy, Transform, Visualize and Model Data}, 
  author = {Hadley {Wickham} and Garrett {Grolemund}}, 
  publisher = {O'Reilly},
  year = {2017}, 
}

@inproceedings{TVStore,
  title = {TVStore: Automatically Bounding Time Series Storage via Time-Varying Compression}, 
  author = {Yanzhe An, Yue Su, Yuqing Zhu, and Jianmin Wang}, 
  booktitle = {Proceedings of the 20th USENIX Conference on File and Storage Technologies}, 
  series = {USENIX Conference on File and STorage Technologies},
  year = {2022},
  pages = {83-99},
  publisher = {USENIX Association},
  address = {Santa Clara, CA, USA}, 
}

@misc{DB-engines, 
  title = {DBMS popularity broken down by database model},
  author = {{solidIT} consulting & software development gmbh}, 
  year = {2023}, 
  url = {https://db-engines.com/en/ranking_categories}, 
  note = {Accessed: 13-05-2023},
}

@mscthesis{Sveinn, 
 title = {Downsampling Time Series for Visual Representation},
 author = {Sveinn Steinarsson},
 school = {University of Iceland},
 address ={Faculty of Industrial Engineering, Mechanical Engineering and Computer Science, School of Engineering and Natural Sciences, University of Iceland, Reykjavik, Iceland},
 year = {2013},
 month = {June},
}

@misc{ChangePointDirection,
  title={An Evaluation of Change Point Detection Algorithms}, 
  author={Gerrit J. J. van den Burg and Christopher K. I. Williams},
  year={2022},
  eprint={2003.06222},
  archivePrefix={arXiv},
  primaryClass={stat.ML},
  url = {https://arxiv.org/abs/2003.06222},
}

@inproceedings{MinMaxOrdered,
  title = {OM3: An Ordered Multi-level Min-Max Representation for Interactive Progressive Visualization of Time Series},
  author = {Yunhai Wang, Yuchun Wang, Xin Chen, Yue Zhao, Fan Zhang, Eugene Wu, Chi-Wing Fu, and Xiaohui Yu}, 
  booktitle = {Proc. ACM Manag. Data}, 
  volume = {1}, 
  number = {2},
  publisher = {ACM},
  year = {2023},
  month = {June},
  url = {https://doi.org/10.1145/3589290}, 
  pages = {145:1 - 145:24},
}

@misc{MinMaxLTTB,
  title={MinMaxLTTB: Leveraging MinMax-Preselection to Scale LTTB}, 
  author={Jeroen Van Der Donckt and Jonas Van Der Donckt and Michael Rademaker and Sofie Van Hoecke},
  year={2023},
  eprint={2305.00332},
  url = {https://arxiv.org/abs/2305.00332},
}
