@misc{data2017,
  title={Government Transformation Strategy: better use of data},
  author={{Cabinet Office and Government Digital Service}},
  year={2017},
  month={February},
  organization={HM Government}, 
  howpublished={\url{https://www.gov.uk/government/publications/government-transformation-strategy-2017-to-2020/government-transformation-strategy-better-use-of-data}},
  note={"Accessed: 2023-07-23"}
}

@misc{data2020,
  title={National Data Strategy},
  author={{Department for Digital, Culture, Media & Sport and Department for Science, Innovation & Technology}},
  year={2020},
  month={December},
  organization={HM Government},
  howpublished={\url{https://www.gov.uk/government/publications/uk-national-data-strategy/national-data-strategy}},
  note={"Accessed: 2023-07-23"}
}

@misc{data2021,
  title={Data strategy for Defence},
  author={Ministry of Defence},
  journal={GOV.UK},
  year={2021},
  month={September},
  organization={HM Government}, 
  howpublished={\url{https://www.gov.uk/government/publications/data-strategy-for-defence/data-strategy-for-defence}},
  note={"Accessed: 2023-07-23"}
}

@misc{data2022,
  title={Transforming for a digital future: 2022 to 2025 roadmap for digital and data},
  author={{Central Digital & Data Office}},
  year={2022},
  month={June},
  organization={HM Government}, 
  howpublished={\url{https://www.gov.uk/government/publications/roadmap-for-digital-and-data-2022-to-2025/transforming-for-a-digital-future-2022-to-2025-roadmap-for-digital-and-data}},
  note={"Accessed: 2023-07-23"}
}

@misc{livingwithdata, 
  title={Public understanding and perceptions of data practices: a review of existing research},
  author= {Kennedy, H. and Oman, S. and Taylor, M. and Bates, J. and Steedman, R.},
  organisation={Living with data and Nuffield Foundation and The University of Sheffield},
  year={2020},
  month={May},
  howpublished={\url{https://livingwithdata.org/project/wp-content/uploads/2020/05/living-with-data-2020-review-of-existing-research.pdf}},
  note={"Accessed: 2023-07-23"}
}

@misc{ons,
  title={Our Data Strategy},
  author={{Office for National Statistics}},
  year={2020},
  month={January},
  howpublished={\url{https://www.ons.gov.uk/aboutus/transparencyandgovernance/datastrategy/ourdatastrategy}},
  note={"Accessed: 2023-07-23"}
}

@misc{onstool, 
  title={Time series explorer},
  author={{Office for National Statistics}},
  year={Unknown},
  howpublished={\url{https://www.ons.gov.uk/timeseriestool?query=&topic=&updated=&fromDateDay=&fromDateMonth=&fromDateYear=&toDateDay=&toDateMonth=&toDateYear=&size=50}},
  note={"Accessed: 2023-07-23"}
}

@misc{trust,
  title={Addressing trust in public sector data use},
  author={{Centre for Data Ethics & Innovation}},
  organisation={HM Government},
  howpublished={\url{https://www.gov.uk/government/publications/cdei-publishes-its-first-report-on-public-sector-data-sharing/addressing-trust-in-public-sector-data-use#introduction--context}},
  note={"Accessed: 2023-07-23"}
}

@inproceedings{TVStore,
  title = {TVStore: Automatically Bounding Time Series Storage via Time-Varying Compression}, 
  author = {An, Y. and Su, Y. and Zhu, Y. and Wang, J.}, 
  booktitle = {Proceedings of the 20th USENIX Conference on File and Storage Technologies}, 
  series = {USENIX Conference on File and STorage Technologies},
  year = {2022},
  pages = {83-99},
  publisher = {USENIX Association},
  address = {Santa Clara, CA, USA} 
}

@misc{pathway, 
  title={Types of data in government learning pathway},
  author={{Government Analysis Function}},
  organisation={HM Government},
  year={2022},
  howpublished={\url{https://analysisfunction.civilservice.gov.uk/learning-development/learning-pathways/types-of-data-in-government-learning-pathway/}},
  note={"Accessed: 2023-07-23"}
}

@mscthesis{Sveinn, 
 title = {Downsampling Time Series for Visual Representation},
 author = {Sveinn Steinarsson},
 school = {University of Iceland},
 address ={Faculty of Industrial Engineering, Mechanical Engineering and Computer Science, School of Engineering and Natural Sciences, University of Iceland, Reykjavik, Iceland},
 year = {2013},
 month = {June}
}

@misc{AusBureau, 
  title = {Time Series Analysis: The Basics}, 
  author = {{Australian Bureau of Statistics}},
  year = {2023},
  month = {March},
  howpublished = {\url{https://www.abs.gov.au/websitedbs/d3310114.nsf/home/time+series+analysis:+the+basics}},
  note = {"Accessed: 2023-05-27"} 
}

@article{IoT,
  author = {Atlam, H. F. and Walters, R. and Wills, G.}, 
  title = {Internet of Things: state-of-the-art, challenges, applications, and open issues},
  year = {2018},
  issue_date = {September 2018}, 
  publisher = {International Journal of Intelligent Computing Research (IJICR)}, 
  volume = {9},
  number = {3},
  issn = {2042-4655},
  pages = {928-938}, 
  url = {http://dx.doi.org/10.20533/ijicr.2042.4655.2018.0112}
}

@article{Shift, 
  title = {Implementing digital sufficiency},
  author = {{The Shift Project}}, 
  year = {2020},
  howpublished = {\url{https://theshiftproject.org/wp-content/uploads/2021/07/TSP_DigitalSufficiency2020_Summary_corrige.pdf}}, 
  note = {"Accessed: 2023-05-27"}
}

@article{CatchUp,
  author = {Schlossnagle, Theo and Sheehy, Justin and McCubbin, Chris},
  title = {Always-on Time-Series Database: Keeping up Where There's No Way to Catch Up},
  year = {2021},
  issue_date = {July 2021},
  publisher = {Association for Computing Machinery},
  address = {New York, NY, USA},
  volume = {64},
  number = {7},
  issn = {0001-0782},
  url = {https://doi.org/10.1145/3442518},
  journal = {Commun. ACM},
  pages = {50-56}
}

@inproceedings{MinMaxOrdered,
  title = {OM3: An Ordered Multi-level Min-Max Representation for Interactive Progressive Visualization of Time Series},
  author = {Yunhai, W and Yuchun, W. and Xin, C. and Yue, Z. and Fan, Z. and Eugene, W. and Chi-Wing, F. and Xiaohui, Y.}, 
  booktitle = {Proc. ACM Manag. Data}, 
  volume = {1}, 
  number = {2},
  publisher = {ACM},
  year = {2023},
  month = {June},
  url = {https://doi.org/10.1145/3589290}
}

@misc{MinMaxLTTB,
  title={MinMaxLTTB: Leveraging MinMax-Preselection to Scale LTTB}, 
  author={Donckt, J. and Donckt, J. and Rademaker, M. and Hoecke, S.},
  year={2023},
  eprint={2305.00332},
  url = {https://arxiv.org/abs/2305.00332}
}


@article{social_transparency,
  title = {Socially meaningful transparency in data-based systems: reflections and proposals from practice},
  author = {Bates, J. and Kennedy, H. and Medina Perea, I. and Oman, S. and Pinney, L.},
  journal = {Journal of Documentation},
  year = {2023}, 
  volume = {ahead-of-print}, 
  doi = {10.1108/JD-01-2023-0006}
}

@article{transparency_lack,
  author = {Mike Ananny and Kate Crawford},
  title ={Seeing without knowing: Limitations of the transparency ideal and its application to algorithmic accountability},
  journal = {New Media & Society},
  volume = {20},
  number = {3},
  pages = {973-989},
  year = {2018},
  doi = {10.1177/1461444816676645},
  URL = {https://doi.org/10.1177/1461444816676645}
}

@article{transparency_obfuscation, 
  author = {Nora A Draper and Joseph Turow},
  title ={The corporate cultivation of digital resignation},
  journal = {New Media & Society},
  volume = {21},
  number = {8},
  pages = {1824-1839},
  year = {2019},
  doi = {10.1177/1461444819833331}
}

@article{transparency_fallacy, 
  title={Sunlight alone is not a disinfectant: Consent and the futility of opening Big Data black boxes (without assistance)}, 
  author={Jonathan A. Obar},
  journal={Big Data & Society},
  volume = {7},
  number = {1},
  year = {2020},
  doi = {10.1177/2053951720935615}
}

@article{digital_transparency,
  title = {Design principles for creating digital transparency in government},
  journal = {Government Information Quarterly},
  volume = {38},
  number = {1},
  year = {2021},
  issn = {0740-624X},
  doi = {https://doi.org/10.1016/j.giq.2020.101550},
  author = {Matheus, R. and Janssen, M. and Janowski, T.}
}

@article{political_transparency,
  author = {Karen EC Levy and David Merritt Johns},
  title ={When open data is a Trojan Horse: The weaponization of transparency in science and governance},
  journal = {Big Data & Society},
  volume = {3},
  number = {1},
  year = {2016},
  doi = {10.1177/2053951715621568},
}

@misc{datapoint,
      title={Data Point Selection for Line Chart Visualization: Methodological Assessment and Evidence-Based Guidelines}, 
      author={Donckt, J and Donckt, J. and Rademaker, M and Hoecke, S.},
      year={2023},
      eprint={2304.00900},
      doi={10.48550/arXiv.2304.00900}
}

@misc{imputeTS_R, 
author = {Moritz, Steffen and Bartiz-Beielstein, Thomas},
title = {imputeTS: Time Series Missing Value Imputation in R},
publisher = {R Journal},
volume = {9.1},
year = {2017},
doi = {10.32614/RJ-2017-009},
url = {https://github.com/SteffenMoritz/imputeTS}
}

@misc{imputeTS, 
  author = {Moritz, Steffen and Bartiz-Beielstein, Thomas},
  title = {imputeTS: Time Series Missing Value Imputation in R},
  publisher = {R Journal},
  issn={2073-4859},
  year = {2017},
  url = {https://cran.r-project.org/web/packages/imputeTS/vignettes/imputeTS-Time-Series-Missing-Value-Imputation-in-R.pdf}
}

@misc{catch22_R, 
author = {Lubba, C. H. and Fulcher, B. and Henderspn, T. and Harris, B. and TL, O.r and Cliff, O.},
title = {catch22: CAnonical Time-series CHaracteristics},
publisher = {R Journal},
year = {2022},
doi = {10.5281/zenodo.6673597},
url = {https://github.com/DynamicsAndNeuralSystems/catch22}
}

@artcile{catch22, 
author={Lubba, C. H. and Sarab, S. S. and Knaute, P. and Schultz, S. R. and Fulcher, B. D. and Jones, N. S.},
title={catch22: CAnonical Time-series CHaracteristics},
journal= {Data Mining and Knowledge Discovery}, 
volume={33},
year={2019},
doi={10.1007/s10618-019-00647-x}
}

@article{downsampling, 
  author={Aigner, W. and Miksch, S. and Muller, W. and Schumann, H. and Tominski, C.},
  journal={IEEE Transactions on Visualization and Computer Graphics}, 
  title={Visual Methods for Analyzing Time-Oriented Data}, 
  year={2008},
  volume={14},
  number={1},
  pages={47-60},
  doi={10.1109/TVCG.2007.70415}
} 

@article{sampling, 
  author={Kwon, B. C. and Verma, J. and Haas, P. J. and Demiralp, C.},
  journal={IEEE Computer Graphics and Applications}, 
  title={Sampling for Scalable Visual Analytics}, 
  year={2017},
  volume={37},
  number={1},
  pages={100-108},
  doi={10.1109/MCG.2017.6}
}

@misc{dashql,
      title={DashQL -- Complete Analysis Workflows with SQL}, 
      author={Kohn, A. and Moritz, D. and Neumann, T.},
      year={2023},
      eprint={2306.03714},
      archivePrefix={arXiv},
      doi={10.48550/arXiv.2306.03714}
}

@inproceedings {storage,
author = {Visheratin, A. and Struckov, A. and Yufa, S. and Muratov, A. and Nasonov, D. and Butakov, N. and Kuznetsov, Y. and May, M.},
title = {Peregreen {\textendash} modular database for efficient storage of historical time series in cloud environments},
booktitle = {2020 USENIX Annual Technical Conference (USENIX ATC 20)},
year = {2020},
isbn = {978-1-939133-14-4},
pages = {589--601},
url = {https://www.usenix.org/conference/atc20/presentation/visheratin},
publisher = {USENIX Association},
month = {July}
}

@inproceedings{climate,
title = {Computing Just What You Need: Online Data Analysis and Reduction at Extreme Scales},
author = {Ian Foster and Mark Ainsworth and Bryce Allen and Julie Bessac and Franck Cappello and Choi, {Jong Youl} and Emil Constantinescu and Davis, {Philip E.} and Sheng Di and Wendy Di and Hanqi Guo and Scott Klasky and {Van Dam}, {Kerstin Kleese} and Tahsin Kurc and Qing Liu and Abid Malik and Kshitij Mehta and Klaus Mueller and Todd Munson and George Ostouchov and Manish Parashar and Tom Peterka and Line Pouchard and Dingwen Tao and Ozan Tugluk and Stefan Wild and Matthew Wolf and Wozniak, {Justin M.} and Wei Xu and Shinjae Yoo},
year = "2017",
doi = "10.1007/978-3-319-64203-1_1",
language = "English (US)",
isbn = "9783319642024",
series = "Lecture Notes in Computer Science (including subseries Lecture Notes in Artificial Intelligence and Lecture Notes in Bioinformatics)",
publisher = "Springer Verlag",
pages = "3--19",
editor = "Rivera, {Francisco F.} and Pena, {Tomas F.} and Cabaleiro, {Jose C.}",
booktitle = "Euro-Par 2017",
address = "Germany",
}

@article{EveryNth, 
title={VDDA: automatic visualization-driven data aggregation in relational databases},
author={Jugel, U. and Jerzak, Z. and Hackenbroic, G. and Markl, V.},
journal={The VLDB Journal},
year={2016},
month={February},
volume={25}, 
doi={10.1007/s00778-015-0396-z}
}

@article{M4, 
title={M4: a visualization-oriented time series data aggregation. Proceedings of the VLDB Endowment}, 
author={Jugel, U. and Jerzak, Z. and Hackenbroich, G. and Markl, V.}, year={2014},
volume={7},
issue={10},
url={https://www.vldb.org/2014/program/http://www.vldb.org/pvldb/vol7/p797-jugel.pdf}
}